@Book{Haykin,
  author =	 {Simon Haykin},
  title =	 {Neural Networks and Learning Machines},
  publisher =	 {Prentice Hall International},
  year =	 {2008},
  ISBN =	 {978-0131471399},
  edition =	 {3},
}
@Book{Patterson,
  author =	 {Josh Patterson and Adam Gibson},
  title =	 {Deep Learning: A Practitioner's Approach},
  publisher =	 {O'Reilly Media},
  year =	 {2017},
  ISBN =	 {978-1491914250},
  edition =	 {1},
}

@InCollection{Bottou,
  author = 	 {LÃ©on Bottou},
  title = 	 {Stochastic Gradient Descent Tricks},
  booktitle = 	 {Neural Networks: Tricks of the Trade.},
  publisher = {Springer, Berlin, Heidelberg},
  ISBN = {978-3-642-35288-1},
  year= {2012}
}


@Article{Rumelhart,
  author = 	 {David E. Rumelhart and Geoffrey E. Hinton and Ronald J. Williams},
  title = 	 {Learning representations by back-propagating errors},
  journal = 	 {nature},
  year = 	 {1986},
  volume = 	 {323},
}

@InProceedings{Gloriot,
  title = 	 {Understanding the difficulty of training deep feedforward neural networks},
  author = 	 {Xavier Glorot and Yoshua Bengio},
  booktitle = 	 {Proceedings of the Thirteenth International Conference on Artificial Intelligence and Statistics},
  pages = 	 {249--256},
  year = 	 {2010},
  editor = 	 {Yee Whye Teh and Mike Titterington},
  volume = 	 {9},
  series = 	 {Proceedings of Machine Learning Research},
  month = 	 {13--15 May},
  publisher = 	 {PMLR},
}
